
@misc{onyx,
key = {},
note = {
ONXY: Cray XT4, 78 compute nodes, 4 cores/node (2.1 GHz AMD Opteron Quad-Core), 8 GB memory/node; 
O/S xt-os/2.2.41A\_PS05, parallel environment xt-mpt/3.5.0, compiler pgi/9.0.4,
CPR blcr/0.7.3
}
}

@misc{jade,
key = {},
note = {
JADE: Cray XT4, 2146 compute nodes, 4 cores/node (2.1 GHz AMD Opteron Quad-Core), 8 GB memory/node; 
O/S xt-os/2.2.41A\_PS05, parallel environment xt-mpt/3.5.0, compiler pgi/9.0.4
}
}

@misc{CTH.ref,
key = {},
note = {
{CTH} is a code used to study the effects of strong shock waves
on a  variety of materials using many different models.
The software set {CTH} was developed by {SANDIA} under the contract
with {DOE}.
}
}

@misc{OOCORE.ref,
key = {},
note = {
{Out-Of-Core Solver} ({OOCORE}) is a code developed by the
{ScaLAPACK} project,
a collaborative effort in producing high-performance
linear algebra routines for distributed-memory message-passing
{MIMD} computers and networks of workstations.
}
}

@misc{HYCOM.ref,
key = {},
note = {
The {HYbrid Coordinate Ocean Model} ({HYCOM}), is a primitive equation
ocean general circulation model developed in a collaborative effort
between the {University of Miami}, the {Los Alamos National Laboratory},
and the {Naval Research Laboratory}.
}
}

@misc{WRF.ref,
key = {},
note = {
The {Weather Research and Forecast} model ({WRF})
is a public domain code.
{WRF} was developed at the {National Center for Atmospheric Research}
({NCAR}) which is operated by the {University Corporation for
Atmospheric Research} ({UCAR})
}
}

@article{10.1109/IPDPS.2009.5161052,
author = {Jay Lofstead and Fang Zheng and Scott Klasky and Karsten Schwan},
title = {Adaptable, metadata rich {IO} methods for portable high performance {IO}},
journal ={Parallel and Distributed Processing Symposium, International},
volume = {0},
year = {2009},
isbn = {978-1-4244-3751-1},
pages = {1-10},
doi = {http://doi.ieeecomputersociety.org/10.1109/IPDPS.2009.5161052},
publisher = {IEEE Computer Society},
address = {Los Alamitos, CA, USA},
}

@InProceedings{lofstead:cug2009,
author = {Lofstead, J. and Klasky, S. and Booth, M. and Abbasi, H. and Zheng, F. and Wolf, M. and Schwan, K.},
 title = {Petascale IO Using The Adaptable IO System},
 year = {2009},
 publisher = {Cray User's Group},
 }

@misc{Jin:CUG.2008,
author = {C. Jin and S. Klasky and S. Hodson and W. Yu and J. Lofstead and H. Abbasi and K. Schwan and M. Wolf and W. Liao and A. Choudhary and M. Parashar and C. Docan amd and R. Oldfield},
title = {Adaptive {IO} {S}ystem ({ADIOS})},
year = 2008,
note = {Cray User's Group}
}

@Proceedings{CScADS.leadershipcomputing.2009,
title = {CScADS Summer Workshop {Leadership-Computing}},
year = 2009,
address = {Tahoe City, California}
}

@InProceedings{Ross:CScADS.leadershipcomputing.2009,
author = {Rob Ross},
title = {Parallel {I/O} in {P}ractice},
booktitle = {CScADS Summer Workshop {Leadership-Computing}},
address = {Tahoe City, California},
year = 2009
}

@manual{docs-cray.S-0013-10,
title = {Optimizing MPI-IO for Applications on Cray XT Systems},
note = {S-0013-10.pdf at \texttt{http://docs.cray.com/}}
}

@manual{docs-sgi.007-4639-010,
title = {SGI, Linux Application Tuning Guide},
note = {007-4639-010.pdf at \texttt{http://techpubs.sgi.com/}}
}

@InProceedings{Post.SC01,
author = {Jean-Pierre Prost and Richard Treumann and Richard Hedges and Bin Jia and Alice Koniges},
title = {{MPI-IO/GPFS}, an Optimized Implementation of {MPI-IO} on top of {GPFS}},
booktitle = {Proceedings of Supercomputing 2001},
address = {Denver},
year = 2001
}

@InProceedings{Post.Europar.2000,
author = {J.P. Prost and R. Treumann and R. Blackmore and C. Hartman and R. Hedges and B. Jia and A. Koniges and A. White},
title = {Towards a High-Performance and Robust Implementation of {MPI-IO} on top of {GPFS}},
booktitle = {Europar 2000},
address = {Munich, Germany},
year = 2000
}

@misc{ior.download,
key = {},
note = {Download of {IOR} from http://sourceforge.net/projects/ior-sio/}
}

@misc{ior.userguide,
key = {},
note = {USER-GUIDE.txt, found within {IOR} distribution}
}

@misc{ior.download-ug,
key = {},
note = {USER-GUIDE.txt, found within {IOR} distribution from http://sourceforge.net/projects/ior-sio/}
}

@InProceedings{lunatic.IOR.2005,
author = {Richard Hedges and Bill Loewe and Tyce McLarty and Chris Morrone},
title = {Parallel file system testing for the lunatic fringe: the care and feeding of restless {I/O} power users},
booktitle = {Proceedings. 22nd {IEEE} 13th {NASA} {Goddard} {Conference} on {Mass} {Storage} {Systems} and {Technologies} ({MSST} 2005)},
pages = "3-17",
month = apr,
year = 2005
}

@misc{IOR-shan-shalf,
author = {Hongzhang Shan and John Shalf},
title = {{Using IOR to Analyze the I/O Performance}},
note = {NERSC}
}

@misc{CUG-larkin,
author = {Jeff Larkin and Mark Fahey},
title = {{Guidelines for Efficient Parallel I/O on the Cray XT3/XT4}},
year = 2007,
note = {Proceedings of CUG 2007, Cray User Group}
}

@manual{manual.gpfs,
   title = {General Parallel File System, Administration and Programming Reference},
   organization = {IBM},
   edition = {{Version} 3, {Release} 3},
   year = 2009,
   note = {SA23-2221-03}
}

@misc{top.500,
key = {},
note = {Top 500 SuperComputer Sites, http://www.top500.org/stats/list/34/vendors}
}

@misc{mpich2.org,
key = {},
note = {
{MPICH2},
{Math \& Computer Science, Argonne National Laboratory},
{http://www.mcs.anl.gov/research/projects/mpich2/index.php}
}
}

@misc{mvapich.org,
key = {},
note = {
{MVAPICH: MPI over InfiniBand and 10GigE/iWARP},
{Network-Based Computing Research Group},
{Computer Science and Engineering},
{The Ohio State University},
{http://mvapich.cse.ohio-state.edu/}
}
}

@misc{openmpi.org,
key = {},
note = {
{Open MPI, Open Source High Performance Computing},
{http://www.open-mpi.org/}
}
}

@manual{luster.manual.1.6,
title = {Lustre 1.6 Operations Manual},
organization = {Sun Microsystems},
year = 2009,
note = {at \texttt{http://docs.sun.com/}}
}

@InProceedings{ross.leadership.2009,
author = {Rob Ross},
title = {{Parallel I/O in Practice}},
booktitle = {Workshop on Leadership-class Machines, Petascale Applications and Performance Strategies, Center for Scalable Application Development Software},
address = {Workshop held at Tahoe City, California},
year = 2009,
note = {http://cscads.rice.edu/workshops/summer09/slides/leadership-computing/cscads-io-2009-final.pdf}
}

@InProceedings{lantham.scicomp.2008,
author = {Rob Lantham},
title = {{Parallel I/O for High Performance and Scalability}},
booktitle = {The 14th Annual Meeting of ScicomP, The IBM HPC Systems Scientific Computing User Group},
month = may,
year = 2008,
note = {http://www.spscicomp.org/ScicomP14/talks/Latham.pdf},
}

@InProceedings{chilan.teragrid.09,
author = {Christian M. Chilan and Albert Cheng},
title = {{Parallel I/O Performance Study with HDF5 on Leading Parallel File System}},
booktitle = {TeraGrid 09},
address = {Arlington, Virginia},
month = jun,
year = 2009,
note = {http://www.teragrid.org/tg09/files/tg09\_submission\_104.pdf}
}

@InProceedings{lofstead.clade.2008,
author = {Jay Lofstead and Scott Klasky and Karsten Schwan and Norbet Podhorszki and Chen Jin},
title = {Flexible {IO} and Integration for Scientific Codes Through The Adaptable IO System ({ADIOS})},
booktitle = {Challenges of Large Applications in Distributed Environments ({CLADE})},
address = {Boston},
month = mar,
year = 2008,
note = {http://www.cs.okstate.edu/clade2008/slides/Lofstead.ppt}
}

@InProceedings{ross.scidac.2008,
author = {R.B. Ross and T. Peterka and H.-W. Shen and Y. Hong and K.-L. Ma and H. Yu and K. Moreland},
title = {Visualization and parallel {I/O} at extreme scale},
booktitle = {Scientific Discovery Through Advanced Computing, SciDAC 2008},
address = {Seattle},
month = jul,
year = 2008,
note = {https://hpcrd.lbl.gov/SciDAC08/files/presentations/RobRoss-scidac-2008-final.pdf}
}

@misc{thakur.workshop.2005,
author = {Rajeev Thakur},
title = {Introduction to {Parallel I/O} and {MPI-IO}},
note = {
{Math and Computer Science, Argonne National Laboratory},
{http://www.sdsc.edu/us/training/workshops/institute2005/docs/Thakur-MPI-IO.ppt}
}
}

@misc{chen.sc08,
author = {Yong Chen and Surendra Byna and Xian-He Sun and Rajeev Thakur and William Gropp},
title = {Hiding {I/O} Latency with Pre-execution Prefetching for Parallel Applications},
year = 2008,
note = {
{Math and Computer Science, Argonne National Laboratory},
{http://www.mcs.anl.gov/\~{ }thakur/papers/sc08\_pre-ex.pdf}
}
}

@misc{yu.vetter.oral,
author = {Weikuan Yu and Jeffrey S. Vetter and H. Sarp Oral},
title = {Performance Characterization and Optimization of Parallel {I/O} on the {Cray XT}},
year = 2008,
note = {
{Submitted to IPPDS 2007},
{http://ft.ornl.gov/pubs-archive/2008-IPDPS-CrayXT-IO.pdf}
}
}

@misc{IPM.org,
key = {},
note = {
{Integrated Performance Monitoring ({IPM})}
{http://ipm-hpc.sourceforge.net/}
}
}

